%YAML 1.1
%TAG !u! tag:unity3d.com,2011:
--- !u!1 &7681138456025508723
GameObject:
  m_ObjectHideFlags: 0
  m_CorrespondingSourceObject: {fileID: 0}
  m_PrefabInstance: {fileID: 0}
  m_PrefabAsset: {fileID: 0}
  serializedVersion: 6
  m_Component:
  - component: {fileID: 2988337342969900088}
  - component: {fileID: 9195982612140552455}
  - component: {fileID: 5655666615753598798}
  m_Layer: 0
  m_Name: Enemy
  m_TagString: Untagged
  m_Icon: {fileID: 0}
  m_NavMeshLayer: 0
  m_StaticEditorFlags: 0
  m_IsActive: 1
--- !u!4 &2988337342969900088
Transform:
  m_ObjectHideFlags: 0
  m_CorrespondingSourceObject: {fileID: 0}
  m_PrefabInstance: {fileID: 0}
  m_PrefabAsset: {fileID: 0}
  m_GameObject: {fileID: 7681138456025508723}
  m_LocalRotation: {x: 0, y: 0, z: 0, w: 1}
  m_LocalPosition: {x: 124.80078, y: -26.934917, z: -6.7728353}
  m_LocalScale: {x: 1, y: 1, z: 1}
  m_Children:
  - {fileID: 3478975918862439962}
  - {fileID: 9188306910955896782}
  m_Father: {fileID: 0}
  m_RootOrder: 0
  m_LocalEulerAnglesHint: {x: 0, y: 0, z: 0}
--- !u!135 &9195982612140552455
SphereCollider:
  m_ObjectHideFlags: 0
  m_CorrespondingSourceObject: {fileID: 0}
  m_PrefabInstance: {fileID: 0}
  m_PrefabAsset: {fileID: 0}
  m_GameObject: {fileID: 7681138456025508723}
  m_Material: {fileID: 0}
  m_IsTrigger: 0
  m_Enabled: 1
  serializedVersion: 2
  m_Radius: 0.5
  m_Center: {x: 0, y: 0, z: 0}
--- !u!114 &5655666615753598798
MonoBehaviour:
  m_ObjectHideFlags: 0
  m_CorrespondingSourceObject: {fileID: 0}
  m_PrefabInstance: {fileID: 0}
  m_PrefabAsset: {fileID: 0}
  m_GameObject: {fileID: 7681138456025508723}
  m_Enabled: 1
  m_EditorHideFlags: 0
  m_Script: {fileID: 11500000, guid: c58f416276de14b488b973e1106f5765, type: 3}
  m_Name: 
  m_EditorClassIdentifier: 
  _spawnDistanceRange: {x: 10, y: 30}
  _velocity: 1
  _hpBarSlider: {fileID: 7483584121884740538}
  _maxHP: 5
  _currentHP: 0
--- !u!1001 &2185277932267528547
PrefabInstance:
  m_ObjectHideFlags: 0
  serializedVersion: 2
  m_Modification:
    m_TransformParent: {fileID: 2988337342969900088}
    m_Modifications:
    - target: {fileID: 5987972984596250537, guid: 59bd05553379e1e479eddd76d8b449c0, type: 3}
      propertyPath: m_Name
      value: EnemyMesh
      objectReference: {fileID: 0}
    - target: {fileID: 7048351977562218157, guid: 59bd05553379e1e479eddd76d8b449c0, type: 3}
      propertyPath: m_RootOrder
      value: 1
      objectReference: {fileID: 0}
    - target: {fileID: 7048351977562218157, guid: 59bd05553379e1e479eddd76d8b449c0, type: 3}
      propertyPath: m_LocalPosition.x
      value: 0
      objectReference: {fileID: 0}
    - target: {fileID: 7048351977562218157, guid: 59bd05553379e1e479eddd76d8b449c0, type: 3}
      propertyPath: m_LocalPosition.y
      value: 0
      objectReference: {fileID: 0}
    - target: {fileID: 7048351977562218157, guid: 59bd05553379e1e479eddd76d8b449c0, type: 3}
      propertyPath: m_LocalPosition.z
      value: 0
      objectReference: {fileID: 0}
    - target: {fileID: 7048351977562218157, guid: 59bd05553379e1e479eddd76d8b449c0, type: 3}
      propertyPath: m_LocalRotation.w
      value: 1
      objectReference: {fileID: 0}
    - target: {fileID: 7048351977562218157, guid: 59bd05553379e1e479eddd76d8b449c0, type: 3}
      propertyPath: m_LocalRotation.x
      value: -0
      objectReference: {fileID: 0}
    - target: {fileID: 7048351977562218157, guid: 59bd05553379e1e479eddd76d8b449c0, type: 3}
      propertyPath: m_LocalRotation.y
      value: -0
      objectReference: {fileID: 0}
    - target: {fileID: 7048351977562218157, guid: 59bd05553379e1e479eddd76d8b449c0, type: 3}
      propertyPath: m_LocalRotation.z
      value: -0
      objectReference: {fileID: 0}
    - target: {fileID: 7048351977562218157, guid: 59bd05553379e1e479eddd76d8b449c0, type: 3}
      propertyPath: m_LocalEulerAnglesHint.x
      value: 0
      objectReference: {fileID: 0}
    - target: {fileID: 7048351977562218157, guid: 59bd05553379e1e479eddd76d8b449c0, type: 3}
      propertyPath: m_LocalEulerAnglesHint.y
      value: 0
      objectReference: {fileID: 0}
    - target: {fileID: 7048351977562218157, guid: 59bd05553379e1e479eddd76d8b449c0, type: 3}
      propertyPath: m_LocalEulerAnglesHint.z
      value: 0
      objectReference: {fileID: 0}
    m_RemovedComponents: []
  m_SourcePrefab: {fileID: 100100000, guid: 59bd05553379e1e479eddd76d8b449c0, type: 3}
--- !u!4 &9188306910955896782 stripped
Transform:
  m_CorrespondingSourceObject: {fileID: 7048351977562218157, guid: 59bd05553379e1e479eddd76d8b449c0, type: 3}
  m_PrefabInstance: {fileID: 2185277932267528547}
  m_PrefabAsset: {fileID: 0}
--- !u!1001 &7663347086545976825
PrefabInstance:
  m_ObjectHideFlags: 0
  serializedVersion: 2
  m_Modification:
    m_TransformParent: {fileID: 2988337342969900088}
    m_Modifications:
    - target: {fileID: 2216087323728351484, guid: 803b37fc65352534089ef95b7829015a, type: 3}
      propertyPath: m_Name
      value: HPBar
      objectReference: {fileID: 0}
    - target: {fileID: 6493737357961325539, guid: 803b37fc65352534089ef95b7829015a, type: 3}
      propertyPath: m_Pivot.x
      value: 0.5
      objectReference: {fileID: 0}
    - target: {fileID: 6493737357961325539, guid: 803b37fc65352534089ef95b7829015a, type: 3}
      propertyPath: m_Pivot.y
      value: 0.5
      objectReference: {fileID: 0}
    - target: {fileID: 6493737357961325539, guid: 803b37fc65352534089ef95b7829015a, type: 3}
      propertyPath: m_RootOrder
      value: 0
      objectReference: {fileID: 0}
    - target: {fileID: 6493737357961325539, guid: 803b37fc65352534089ef95b7829015a, type: 3}
      propertyPath: m_AnchorMax.x
      value: 0
      objectReference: {fileID: 0}
    - target: {fileID: 6493737357961325539, guid: 803b37fc65352534089ef95b7829015a, type: 3}
      propertyPath: m_AnchorMax.y
      value: 0
      objectReference: {fileID: 0}
    - target: {fileID: 6493737357961325539, guid: 803b37fc65352534089ef95b7829015a, type: 3}
      propertyPath: m_AnchorMin.x
      value: 0
      objectReference: {fileID: 0}
    - target: {fileID: 6493737357961325539, guid: 803b37fc65352534089ef95b7829015a, type: 3}
      propertyPath: m_AnchorMin.y
      value: 0
      objectReference: {fileID: 0}
    - target: {fileID: 6493737357961325539, guid: 803b37fc65352534089ef95b7829015a, type: 3}
      propertyPath: m_SizeDelta.x
      value: 2
      objectReference: {fileID: 0}
    - target: {fileID: 6493737357961325539, guid: 803b37fc65352534089ef95b7829015a, type: 3}
      propertyPath: m_SizeDelta.y
      value: 0.25
      objectReference: {fileID: 0}
    - target: {fileID: 6493737357961325539, guid: 803b37fc65352534089ef95b7829015a, type: 3}
      propertyPath: m_LocalPosition.x
      value: 0
      objectReference: {fileID: 0}
    - target: {fileID: 6493737357961325539, guid: 803b37fc65352534089ef95b7829015a, type: 3}
      propertyPath: m_LocalPosition.y
      value: 0
      objectReference: {fileID: 0}
    - target: {fileID: 6493737357961325539, guid: 803b37fc65352534089ef95b7829015a, type: 3}
      propertyPath: m_LocalPosition.z
      value: 0
      objectReference: {fileID: 0}
    - target: {fileID: 6493737357961325539, guid: 803b37fc65352534089ef95b7829015a, type: 3}
      propertyPath: m_LocalRotation.w
      value: 1
      objectReference: {fileID: 0}
    - target: {fileID: 6493737357961325539, guid: 803b37fc65352534089ef95b7829015a, type: 3}
      propertyPath: m_LocalRotation.x
      value: -0
      objectReference: {fileID: 0}
    - target: {fileID: 6493737357961325539, guid: 803b37fc65352534089ef95b7829015a, type: 3}
      propertyPath: m_LocalRotation.y
      value: -0
      objectReference: {fileID: 0}
    - target: {fileID: 6493737357961325539, guid: 803b37fc65352534089ef95b7829015a, type: 3}
      propertyPath: m_LocalRotation.z
      value: -0
      objectReference: {fileID: 0}
    - target: {fileID: 6493737357961325539, guid: 803b37fc65352534089ef95b7829015a, type: 3}
      propertyPath: m_AnchoredPosition.x
      value: 0
      objectReference: {fileID: 0}
    - target: {fileID: 6493737357961325539, guid: 803b37fc65352534089ef95b7829015a, type: 3}
      propertyPath: m_AnchoredPosition.y
      value: 0.8
      objectReference: {fileID: 0}
    - target: {fileID: 6493737357961325539, guid: 803b37fc65352534089ef95b7829015a, type: 3}
      propertyPath: m_LocalEulerAnglesHint.x
      value: 0
      objectReference: {fileID: 0}
    - target: {fileID: 6493737357961325539, guid: 803b37fc65352534089ef95b7829015a, type: 3}
      propertyPath: m_LocalEulerAnglesHint.y
      value: 0
      objectReference: {fileID: 0}
    - target: {fileID: 6493737357961325539, guid: 803b37fc65352534089ef95b7829015a, type: 3}
      propertyPath: m_LocalEulerAnglesHint.z
      value: 0
      objectReference: {fileID: 0}
    m_RemovedComponents: []
  m_SourcePrefab: {fileID: 100100000, guid: 803b37fc65352534089ef95b7829015a, type: 3}
--- !u!224 &3478975918862439962 stripped
RectTransform:
  m_CorrespondingSourceObject: {fileID: 6493737357961325539, guid: 803b37fc65352534089ef95b7829015a, type: 3}
  m_PrefabInstance: {fileID: 7663347086545976825}
  m_PrefabAsset: {fileID: 0}
--- !u!114 &7483584121884740538 stripped
MonoBehaviour:
  m_CorrespondingSourceObject: {fileID: 973522478832383555, guid: 803b37fc65352534089ef95b7829015a, type: 3}
  m_PrefabInstance: {fileID: 7663347086545976825}
  m_PrefabAsset: {fileID: 0}
  m_GameObject: {fileID: 0}
  m_Enabled: 1
  m_EditorHideFlags: 0
  m_Script: {fileID: 11500000, guid: 67db9e8f0e2ae9c40bc1e2b64352a6b4, type: 3}
  m_Name: 
  m_EditorClassIdentifier: 
